@article{article1,
  title={Concordance Between Electronic Health Record Data and Medicare Part D Claims Data for Oral Anticancer Drug Use},
  author={Sharma, Manvi and Johnson, Michael L and Zhao, Hui and Giordano, Sharon H and Holmes, Holly M},
  journal={JAMA Network Open},
  volume={3},
  number={4},
  pages={e203821--e203821},
  year={2020},
  publisher={American Medical Association}
}

@article{article2,
  title={The challenges of linking health insurer claims with electronic medical records},
  author={West, Suzanne L and Johnson, William and Visscher, Wendy and Kluckman, Marianne and Qin, Yue and Larsen, Ann},
  journal={Health informatics journal},
  volume={20},
  number={1},
  pages={22--34},
  year={2014},
  publisher={Sage Publications Sage UK: London, England}
}


@article{article3,
author = {Unknown},
title = {Abstracts of the 38th International Conference on Pharmacoepidemiology: Advancing Pharmacoepidemiology and Real-World Evidence for the Global Community, August 26-28, 2022, Copenhagen, Denmark.},
journal = {Pharmacoepidemiol Drug Saf},
volume = {31 Suppl 2},
pages = {3-678},
year = {2022},
issn = {1099-1557},
doi = {10.1002/pds.5518},
url = {https://doi.org/10.1002/pds.5518}
}